
@article{Henderson2000,
  author =  "Henderson, R and Diggle, P and Dobson, A",
  title =   "Joint modelling of longitudinal measurements and event time data",
  journal =  "Biostatistics",
  volume =   "1",
  number =   "4",
  pages =    "465-480",
  year =     "2000",
  doi =      "10.1093/biostatistics/1.4.465"
}


@article{Asar2015,
  author =  "Asar, {\"O}. and Ritchie, J. and Kalra, P. A. and Diggle, P. J.",
  title =   "Joint modelling of repeated measurement and time-to-event data: an introductory tutorial",
  journal =  "International journal of epidemiology",
  volume =   "44",
  number =   "1",
  pages =    "334–344",
  year =     "2015",
  doi =      "https://doi.org/10.1093/ije/dyu262"
}

@book{Rizopoulos2012,
  author={Rizopoulos, Dimitris},
  title= {Joint Models for Longitudinal and Time-to-Event Data: With Applications in R}, 
  publisher= {Chapman and Hall/CRC},
  year= 2012, 
  address = {Boca Raton, FL},
  ?_note     = "9781439872864",
}

@article{Wulfsohn1997,
  author =  "Wulfsohn, Michael S. and Tsiatis, Anastasios A.",
  title =   "A Joint Model for Survival and Longitudinal Data Measured with Error",
  journal =  "Biometrics",
  volume =   "53",
  number =   "1",
  pages =    "330-339",
  year =     "1997",
  url =      "https://www.jstor.org/stable/2533118"
}

@article{Tsiatis2004,
  author =  "Tsiatis, Anastasios A. and Davidian, Marie",
  title =   "JOINT MODELING OF LONGITUDINAL AND TIME-TO-EVENT DATA: AN OVERVIEW",
  journal =  "Statistica Sinica",
  volume =   "14",
  number =   "3",
  pages =    "809-834",
  year =     "2004",
  url =      "https://www.jstor.org/stable/24307417"
}

@article{Ibrahim2010,
  author =  "Ibrahim, JG and Chu, H and Chen, LM",
  title =   "Basic concepts and methods for joint models of longitudinal and survival data",
  journal =  "J Clin Oncol.",
  volume =   "28",
  number =   "16",
  pages =    "2796–2801",
  year =     "2010",
  doi =      "https://doi.org/10.1200/JCO.2009.25.0654"
}

@article{Hickey2016,
  author =  "Hickey, Graeme L. and Philipson, Pete and Jorgensen, Andrea and Kolamunnage-Dona, Ruwanthi",
  title =   "Joint modelling of time-to-event and multivariate longitudinal outcomes: recent developments and issues",
  journal =  "BMC Med Res Methodol",
  volume =   "16",
  number =   "117",
  pages =    "",
  year =     "2016",
  doi =      "https://doi-org.proxy.libraries.uc.edu/10.1186/s12874-016-0212-5"
}


@article{Proust-Lima2014,
  author =  "Proust-Lima, C. and Séne, M. and Taylor, J. M. and Jacqmin-Gadda, H.",
  title =   "Joint latent class models for longitudinal and time-to-event data: a review",
  journal =  "Statistical methods in medical research",
  volume =   "23",
  number =   "1",
  pages =    "74–90",
  year =     "2014",
  doi =      "https://doi.org/10.1177/0962280212445839"
}

@article{Hickey2018,
  author =   "Hickey, GL and Philipson, P and Jorgensen, A and Kolamunnage-Dona R",
  title =    "Joint Models of Longitudinal and Time-to-Event Data with More Than One Event Time Outcome: A Review",
  journal =  "Int J Biostat.",
  volume =   "14",
  number =   "1",
  pages =    "3502–3515",
  year =     "2018",
  doi =      "10.1515/ijb-2017-0047"
}

@article{Musoro2015,
  author =   "Musoro, JZ and Geskus, RB and Zwinderman, AH",
  title =    "A joint model for repeated events of different types and multiple longitudinal outcomes with application to a follow-up study of patients after kidney transplant",
  journal =  "Biom J.",
  volume =   "57",
  number =   "2",
  pages =    "185-200",
  year =     "2015",
  doi =      "10.1002/bimj.201300167"
}

@article{Luo2014a,
  author =   "Luo, S.",
  title =    "A Bayesian approach to joint analysis of multivariate longitudinal data and parametric accelerated failure time",
  journal =  "Statistics in medicine",
  volume =   "33",
  number =   "4",
  pages =    "580–594",
  year =     "2015",
  doi =      "https://doi.org/10.1002/sim.5956"
}


@article{Hackenberger2019,
  author =   "Hackenberger, Branimir K.",
  title =    "Bayes or not Bayes, is this the question?",
  journal =  "Croatian medical journal",
  volume =   "60",
  number =   "1",
  pages =    "50-52",
  year =     "2019",
  doi =      "10.3325/cmj.2019.60.50"
}


@article{Brilleman2019,
  author =   "Brilleman, Samuel L and Crowther, Michael J and Moreno-Betancur, Margarita and Novik, Jacqueline Buros and Dunyak, James and Al-Huniti, Nidal and Fox, Robert and Hammerbacher, Jeff and Wolfe, Rory",
  title =    "Joint longitudinal and time-to-event
models for multilevel hierarchical data",
  journal =  "Statistical Methods in Medical Research",
  volume =   "28",
  number =   "12",
  pages =    "3502–3515",
  year =     "2019",
  doi =      "10.1177/0962280218808821"
}

@Manual{R2020,
    title = {R: A Language and Environment for Statistical Computing},
    author = {{R Core Team}},
    organization = {R Foundation for Statistical Computing},
    address = {Vienna, Austria},
    year = {2020},
    url = {https://www.R-project.org/},
}

@Misc{Goodrich2020,
  title = {rstanarm: {Bayesian} applied regression modeling via {Stan}.},
  author = {Ben Goodrich and Jonah Gabry and Imad Ali and Sam Brilleman},
  note = {R package version 2.21.1},
  year = {2020},
  url = {https://mc-stan.org/rstanarm},
}

@inbook{Gelman2013a,
  author={Gelman, A. and Carlin, J. B. and Stern, H. S. and Dunson, D. B. and Vehtari, A. and Rubin, D. B.},
  year= 2013, 
  note={third edition}, 
  title= {Bayesian Data Analysis}, 
  chapter={4 Hierarchical models},
  pages={111-148},
  publisher= {Chapman \& Hall/CRC Press},
  address= {London}
}

@misc{Gelman2020,
  author={Gelman, A. },
  title = {Prior Choice Recommendations},
  howpublished = {\url{https://github.com/stan-dev/stan/wiki/Prior-Choice-Recommendations}},
  year={2020},
  note = {Accessed: Apr 17, 2020}
}

@misc{Betancourt2013,
  doi = {10.48550/ARXIV.1312.0906},
  url = {https://arxiv.org/abs/1312.0906},
  author = {Betancourt, M. J. and Girolami, Mark},
  keywords = {Methodology (stat.ME), FOS: Computer and information sciences, FOS: Computer and information sciences},
  title = {Hamiltonian Monte Carlo for Hierarchical Models},
  publisher = {arXiv},
  year = {2013},
  copyright = {arXiv.org perpetual, non-exclusive license}
}


@inbook{Betancourt2015,
  author = {Betancourt, Michael and Girolami, Mark},
  year= 2015, 
  note={first edition}, 
  title= {Current Trends in Bayesian Methodology with Applications}, 
  chapter={Hamiltonian Monte Carlo for Hierarchical Models},
  ?_pages={},
  publisher= {Chapman \& Hall/CRC Press},
  address= {Internet resource}
}
%   editor = {Upadhyay, S. K. and Singh, U. and Dey, D. and Loganathan, A.},

@misc{Hoffman2011,
  doi = {10.48550/ARXIV.1111.4246},
  url = {https://arxiv.org/abs/1111.4246},
  author = {Hoffman, Matthew D. and Gelman, Andrew},
  keywords = {Computation (stat.CO), Machine Learning (cs.LG), FOS: Computer and information sciences, FOS: Computer and information sciences},
  title = {The No-U-Turn Sampler: Adaptively Setting Path Lengths in Hamiltonian Monte Carlo},
  publisher = {arXiv},
  year = {2011},
  copyright = {arXiv.org perpetual, non-exclusive license}
}

@Manual{StanManual,
  title = {Stan Modeling Language Users Guide and Reference Manual},
  author = {{Stan Development Team}},
  note={Version 2.29},
  year = {2011-2019},
  url  = {https://mc-stan.org},
}

@article{Rubin1981,
title = {Estimation in Parallel Randomized Experiments},
author = {Rubin, Donald B.},
year = {1981},
journal = {Journal of Educational and Behavioral Statistics},
volume = {6},
number = {4},
pages = {377-401},
url = {https://EconPapers.repec.org/RePEc:sae:jedbes:v:6:y:1981:i:4:p:377-401}}


@misc{Betancourt2017,
  author={Betancourt, M. },
  title = {Diagnosing Biased Inference with Divergences},
  howpublished = {\url{https://mc-stan.org/users/documentation/case-studies/divergences_and_bias.html}},
  year={2017},
  note = {Accessed: 2022-5-12}
}

@article{Rizopoulos2014,
  author =  "Rizopoulos, Dimitris and Hatfield, Laura A. and Carlin, Bradley P. and Takkenberg, Johanna J. M.",
  title =   "Combining Dynamic Predictions From Joint Models for Longitudinal and Time-to-Event Data Using Bayesian Model Averaging",
  journal =  "Journal of the American Statistical Association",
  volume =   "109",
  number =   "508",
  pages =    "1385-1397",
  year =     "2014",
  doi =      "10.1080/01621459.2014.931236"
}  


@article{Andrinopoulou2021,
  author =  "Andrinopoulou, Eleni-Rosalina and Harhay, Michael O and Ratcliffe, Sarah J and Rizopoulos, Dimitris",
  title =   "Reflection on modern methods: Dynamic prediction using joint models of longitudinal and time-to-event data",
  journal =  "International Journal of Epidemiology",
  volume =   "50",
  number =   "5",
  pages =    "1731–1743",
  year =     "2021",
  doi =      "https://doi.org/10.1093/ije/dyab047"
}  

@article{Andrinopoulou2018,
  author =  "Andrinopoulou, E.-R. and Eilers, P.H.C. and Takkenberg, J.J.M. and Rizopoulos, D.",
  title =   "Improved dynamic predictions from joint models of longitudinal and survival data with time-varying effects using P-splines",
  journal =  "Biom",
  volume =   "74",
  number =   "",
  pages =    "685-693",
  year =     "2018",
  doi =      "https://doi-org.uc.idm.oclc.org/10.1111/biom.12814"
}  

@article{Kaplan1958,
  author =  "Kaplan, E L and Meier, P",
  title =   "Nonparametric estimation from incomplete observations",
  journal =  "Journal of the American Statistical Association",
  volume =   "53",
  number =   "282",
  pages =    "457–481",
  year =     "1958",
  doi =      ""
}  

@article{Cox1968,
  author =  "Cox, D. R. and Snell, E. J.",
  title =   "A General Definition of Residuals.",
  journal= "Journal of the Royal Statistical Society. Series B (Methodological)",
  volume =   "30",
  number =   "2",
  pages =    "248–75",
  year =     "1968",
  url =      "http://www.jstor.org/stable/2984505"
}

@article{Proust-Lima2009,
author = {Proust-Lima, C. and Taylor, J. M.},
year = {2017},
pages = {535–549},
title = {Development and validation of a dynamic prognostic tool for prostate cancer recurrence using repeated measures of posttreatment PSA: a joint modeling approach},
volume = {10},
number = {3},
journal = {Biostatistics},
doi = {https://doi.org/10.1093/biostatistics/kxp009}
}

@article{Mauguen2013,
  author =  "Mauguen, A. and Rachet, B. and Mathoulin-Pélissier, S. and MacGrogan, G. and Laurent, A. and Rondeau, V.",
  title =   "Dynamic prediction of risk of death using history of cancer recurrences in joint frailty models",
  journal =  "Statist. Med.",
  volume =   "32",
  number =   "",
  pages =    "5366-5380",
  year =     "2013",
  doi =      "https://doi-org.uc.idm.oclc.org/10.1002/sim.5980"
}  

@article{Heinze2017,
  author =  "Heinze, G. and Dunkler, D.",
  title =   "Five myths about variable selection",
  journal =  "Transplant international : official journal of the European Society for Organ Transplantation",
  volume =   "30",
  number =   "1",
  pages =    "6–10",
  year =     "2017",
  doi =      "https://doi.org/10.1111/tri.12895"
}  

%%%%%%%%%%%%%%%%%%%%%%%%%%%%%%%%%%%%%%%%%%%%%%%%%%%%%%%%%%%%%%%%%%%%%%%%%%%%%
@article{Li2017,
  author =  "Li, Dan and Keogh, Ruth and Clancy, J.P. and Szczesniak, R.D",
  title =   "Flexible semiparametric joint modeling:an application to estimate individual lung function decline and risk of pulmonary exacerbations in cystic fibrosis",
  journal =  "Emerg Themes Epidemiol",
  volume =   "14",
  number =   "13",
  pages =    "",
  year =     "2017",
  doi =      "10.1186/s12982-017-0067-1"
}


@inbook{Rizopoulos2012b,
  author={Rizopoulos, Dimitris},
  year= 2012, 
  title= {Stratified Relative Risk Models}, 
  chapter={5.3},
  pages={119-122},
  publisher= {Chapman and Hall/CRC},
  address= {Boca Raton, FL}
}


@inbook{Rizopoulos2012c,
  author={Rizopoulos, Dimitris},
  year= 2012, 
  title= {Joint Models for Longitudinal and Time-to-Event Data: With Applications in R}, 
  chapter={5.5.2},
  pages={134-137},
  publisher= {Chapman and Hall/CRC},
  address= {Boca Raton, FL}
}

@inbook{Rizopoulos2012d,
  author={Rizopoulos, Dimitris},
  year= 2012, 
  title= {Joint Models for Longitudinal and Time-to-Event Data: With Applications in R}, 
  chapter={6},
  pages={145-169},
  publisher= {Chapman and Hall/CRC},
  address= {Boca Raton, FL}
}


@article{Rizopoulos2010,
  author =   "Rizopoulos, D.",
  title =    {JM: An R Package for the Joint Modelling of Longitudinal and Time-to-Event Data},
  journal =  "Journal of Statistical Software",
  volume =   "35",
  number =   "9",
  pages =    "1-33",
  year =     "2010",
  doi =     "https://doi.org/10.18637/jss.v035.i09"
}


@article{Liu2008,
  author =   "Liu, L and Huang, X and O'Quigley, J",
  title =    "Analysis of longitudinal data in the presence of informative observational times and a dependent terminal event, with application to medical cost data",
  journal =  "Biometrics",
  volume =   "64",
  number =   "3",
  pages =    "950-958",
  year =     "2008",
  doi =      "10.1111/j.1541-0420.2007.00954.x"
}


@article{Kim2012,
  author =   "Kim, S and Zeng, D and Chambless, L and Li, Y",
  title =    "Joint Models of Longitudinal Data and Recurrent Events with Informative Terminal Event",
  journal =  "Stat Biosci",
  volume =   "4",
  number =   "2",
  pages =    "262-281",
  year =     "2012",
  doi =      "10.1007/s12561-012-9061-x"
}



 
@article{Shen2016,
  author =   "Shen, Y and Huang, H and Guan, Y",
  title =    "A conditional estimating equation approach for recurrent event data with additional longitudinal information",
  journal =  "Stat Med",
  volume =   "35",
  number =   "24",
  pages =    "4306-4319",
  year =     "2016",
  doi =      "10.1002/sim.7001"
}


@article{Ren2021,
  author =   "Ren,Xuehan and Wang, Jue and Luo, Sheng",
  title =    "Dynamic prediction using joint models of longitudinal and recurrent event data: a Bayesian perspective",
  journal =  "Biostatistics \& Epidemiology",
  volume =   "5",
  number =   "2",
  pages =    "250-266",
  year =     "2021",
  doi =      "10.1080/24709360.2019.1693198"
}




@article{Han2007,
  author =   "Han, J and Slate, EH and Peña, EA",
  title =    "Parametric latent class joint model for a longitudinal biomarker and recurrent events",
  journal =  "Stat Med",
  volume =   "26",
  number =   "29",
  pages =    "5285-302",
  year =     "2007",
  doi =      "10.1002/sim.2915"
}

@article{Brombin2016,
  author =  "Brombin, Chiara and Serio, Clelia Di and Rancoita, Paola MV",
  title =   "Joint modeling of HIV data in multicenter observational studies: A comparison among different approaches",
  journal =  "Statistical Methods in Medical Research",
  volume =   "25",
  number =   "6",
  pages =    "2472–2487",
  year =     "2016",
  doi =      "https://doi.org/10.1177/0962280214526192"
}


@article{Smedinga2017,
  author =  "Smedinga, Hilde and Steyerberg, Ewout W. and Beukers, Willemien and Klaveren, David van and Zwarthoff, Ellen C. and Vergouwe, Yvonne",
  title =   "Prediction of Multiple Recurrent Events: A Comparison of Extended Cox Models in Bladder Cancer",
  journal =  "American Journal of Epidemiology",
  volume =   "186",
  number =   "5",
  pages =    "612–623",
  year =     "2017",
  doi =      "10.1093/aje/kwx133"
}

@Manual{Rizopoulos2022,
  title = {JMbayes2: Extended Joint Models for Longitudinal and Time-to-Event Data},
  author = {Rizopoulos, Dimitris and Papageorgiou,Grigorios and {Miranda Afonso},Pedro},
  year = {2022},
  note = {https://drizopoulos.github.io/JMbayes2/, https://github.com/drizopoulos/JMbayes2},
}

@Misc{Brilleman2018,
  title = {Joint longitudinal and time-to-event models via {Stan}.},
  author = {Brilleman,SL and Crowther, MJ and Moreno-Betancur,M and {Buros Novik}, J and R Wolfe, R},
  note = {StanCon 2018. 10-12 Jan 2018. Pacific Grove, CA, USA.},
  url = {https://github.com/stan-dev/stancon_talks/},
  year = {2018},
}


@Manual{Rondeau2019,
    title = {{frailtypack}: General Frailty Models: Shared, Joint and
      Nested Frailty Models with Prediction; Evaluation of Failure-Time
      Surrogate Endpoints},
    author = {Rondeau, Virginie and Gonzalez, Juan R. and Mazroui, Yassin and Mauguen, Audrey and Diakite, Amadou and Laurent, Alexandre and Lopez, Myriam and Kr\'{o}l, Agnieszka and Sofeu,Casimir L.},
    year = {2019},
    note = {{R} package version 3.0.3},
    url = {https://CRAN.R-project.org/package=frailtypack}
  }


@Manual{Gabry2022,
    title = {cmdstanr: R Interface to 'CmdStan'},
    author = {Gabry, Jonah and Cešnovar, Rok},
    year = {2022},
    note = {https://mc-stan.org/cmdstanr/, https://discourse.mc-stan.org}
  }


@article{Laird1982,
  author =  "Laird, NM and Ware, JH.",
  title =   "Random-effects models for longitudinal data",
  journal =  "Biometrics",
  volume =   "38",
  number =   "4",
  pages =    "963-974",
  year =     "1982",
  note =      "PMID: 7168798"
}


@article{Hoffman2014,
  author =  "Hoffman, Matthew D. and Gelman, Andrew",
  title =   "The No-U-Turn Sampler: Adaptively Setting Path Lengths in Hamiltonian Monte Carlo",
  journal =  "Journal of Machine Learning Research",
  volume =   "15",
  number =   "",
  year = "2014",
  pages =    "1593–623",
  url="http://jmlr.org/papers/v15/hoffman14a.html"
}

@article{Gelman1992,
  author =  "Gelman, A. and Rubin, D.B",
  title =   "Inference from Iterative Simulation using Multiple Sequences",
  journal =  "Statistical Science",
  volume =   "7",
  number =   "4",
  pages =    "457-511",
  year =     "1992",
  doi =      "10.1214/ss/1177011136"
}


@article{Laurie1997,
  author =  "Laurie, DP.",
  title =   "Calculation of Gauss-Kronrod quadrature rules",
  journal =  "Math Comput",
  volume =   "66",
  number =   "219",
  pages =    "1133-45",
  year =     "1997"
}

@article{Lewandowski2009,
  author =  "Lewandowski, Daniel and Dorota, Kurowicka and Harry, Joe",
  title =   "Generating Random Correlation Matrices Based on Vines and Extended Onion Method",
  journal =  "Journal of Multivariate Analysis",
  volume =   "100",
  number =   "",
  pages =    "1989–2001",
  year =     "2009"
}


@article{Sorensen2016,
  author =  "Sorensen, T. and Hohenstein, S. and Vasishth, S.",
  title =   "Bayesian linear mixed models using Stan: A tutorial for psychologists, linguists, and cognitive scientists. The Quantitative Methods for Psychology",
  journal =  " The Quantitative Methods for Psychology",
  volume =   "12",
  number =   "3",
  pages =    "175–200",
  year =     "2016",
  doi = "10.20982/tqmp.12.3.p175"
}

@misc{Vehtari2020,
  title = {loo: Efficient leave-one-out cross-validation and WAIC for Bayesian models},
  author = {Vehtari, Aki and Gabry, Jonah and Magnusson, Mans and Yao, Yuling and Bürkner, Paul-Christian and Paananen, Topi and Gelman, Andrew},
  year = {2020},
  note = {R package version 2.4.1},
  url = {https://mc-stan.org/loo/}
}

@article{Vehtari2017,
  author =  "Vehtari, Aki and Gelman, Andrew and Gabry, Jonah",
  title =   "Practical Bayesian model evaluation using leave-one-out
cross-validation and WAIC",
  journal =  "Stat Comput",
  volume =   "27",
  number =   "",
  pages =    "1413–1432",
  year =     "2017",
  doi = "10.1007/s11222-016-9696-4"
}

@article{Quanjer2012,
  author =  "Quanjer, Philip H. and Stanojevic, Sanja and  Cole, Tim J. and  Baur, Xaver and Hall Graham L. and  Culver, Bruce H. and  Enright, Paul L. and Hankinson, John L. and Ip, Mary S.M. and Zheng, Jinping and
  Stocks, Janet and the ERS Global Lung Function Initiative",
  title =   "Multi-ethnic reference values for spirometry for the 3–95-yr age range: the global lung function 2012 equations",
  journal =  "European Respiratory Society",
  volume =   "40",
  number =   "6",
  pages =    "1324-1343",
  year =     "2012",
  doi =      "https://doi.org/10.1183/09031936.00080312"
}




  
@article{Diggle2015,
  author =  "Diggle, PJ and Sousa, I and Asar, O",
  title =   "Real-time monitoring of progression towards renal failure in primary care patients",
  journal =  "Biostatistics",
  volume =   "16",
  number =   "3",
  pages =    "522-536",
  year =     "2015",
  doi =      "https://doi.org/10.1002/bimj.201900044"
}  

@article{Rizopoulos2011,
  author =  "Rizopoulos, D.",
  title =   "Dynamic predictions and prospective accuracy in joint models for longitudinal and time-to-event data",
  journal =  "Biometrics",
  volume =   "67",
  number =   "3",
  pages =    "819-829",
  year =     "2011",
  doi =      "10.1111/j.1541-0420.2010.01546.x"
}  


@article{Deep2020,
  author =  "Deep, A. and Veeramani, D. and Zhou, D.",
  title =   "Event Prediction for Individual Unit Based on Recurrent Event Data Collected in Teleservice Systems",
  journal =  "IEEE Transactions on Reliability",
  volume =   "69",
  number =   "1",
  pages =    "216-227",
  year =     "2020",
  doi =      "10.1109/TR.2019.2909471"
}  


@article{Krol2016,
  author =  "Król, Agnieszka and Ferrer, Loïc and Pignon, Jean-Pierre and Proust-Lima, Cécile and Ducreux, Michel and Bouché, Olivier and Michiels, Stefan and Rondeau, Virginie",
  title =   "Joint model for left-censored longitudinal data, recurrent events and terminal event: Predictive abilities of tumor burden for cancer evolution with application to the FFCD 2000-05 trial",
  journal =  "Biometrics",
  volume =   "72",
  number =   "3",
  pages =    "907-916",
  year =     "2016",
  doi =      "10.1111/biom.12490"
} 


@article{Piccorelli2012,
  author =  "Piccorelli, AV and Schluchter, MD",
  title =   "Jointly modeling the relationship between longitudinal and survival data subject to left truncation with applications to cystic fibrosis",
  journal =  "Stat Med.",
  volume =   "31",
  number =   "29",
  pages =    "3931-3945",
  year =     "2012",
  doi =      "10.1002/sim.5469"
} 

@article{Andrinopoulou2017,
  author =  "Andrinopoulou, Eleni-Rosalina and Rizopoulos, D and
 Takkenberg, Johanna JM and Lesaffre, E",
  title =   "Combined dynamic predictions using joint
models of two longitudinal outcomes and
competing risk data",
  journal =  "Statistical Methods in Medical Research",
  volume =   "26",
  number =   "4",
  pages =    "1787–1801",
  year =     "2017",
  doi =      "10.1177/0962280215588340"
} 

@article{Barrett2019,
  author =  "Barrett, JK and Huille, R and Parker, R and Yano, Y and Griswold, M",
  title =   "Estimating the association between
blood pressure variability and cardiovascular disease: An application using the ARIC Study",
  journal =  "Statistics in Medicine",
  volume =   "38",
  number =   "",
  pages =    "1855–1868",
  year =     "2019",
  doi =      "https://doi.org/10.1002/sim.8074"
} 


@Manual{Rstan2020,
    title = {Rstan: the R interface to Stan},
    author = {{Stan Development Team}},
    organization = {R Foundation for Statistical Computing},
    address = {Vienna, Austria},
    note = {R package version 2.21.2},
    year = {2020},
    url = {http://mc-stan.org/},
}

  @Misc{bayesplot2020,
    title = {bayesplot: Plotting for Bayesian Models},
    author = {Gabry, Jonah and Mahr, Tristan},
    year = {2020},
    note = {R package version 1.7.2},
    url = {https://mc-stan.org/bayesplot},
  }

@article{Su2021,
  author =  "Su, Weiji and Wang, Xia and Szczesniak, Rhona D.",
  title =   "Risk factor identification in cystic fibrosis by flexible hierarchical joint models",
  journal =  "Statistical Methods in Medical Research",
  volume =   "30",
  number =   "1",
  pages =    "244-260",
  year =     "2021",
  doi =      "https://doi.org/10.1177/0962280220950369"
}

@article{Luo2014,
  author =   "Luo, S and Wang, J",
  title =    "Bayesian hierarchical model for multiple repeated measures and survival data: an application to Parkinson's disease",
  journal =  "Stat Med",
  volume =   "33",
  number =   "24",
  pages =    "4279-4291",
  year =     "2014",
  doi =      "10.1002/sim.6228"
}


@article{Gelman2014b,
  author =  "Gelman, A. and Carlin, J.",
  title =   "Beyond Power Calculations: Assessing Type S (Sign) and Type M (Magnitude) Errors",
  journal =  "Perspectives on psychological science : a journal of the Association for Psychological Science",
  volume =   "9",
  number =   "6",
  pages =    "641–651",
  year =     "2014",
  doi =      "https://doi.org/10.1177/1745691614551642"
} 

@article{Geman1984,
    author={Geman, Stuart and Geman, Donald},  
    journal={IEEE Transactions on Pattern Analysis and Machine Intelligence},   
    title={Stochastic Relaxation, Gibbs Distributions, and the Bayesian Restoration of Images},   
    year={1984},  
    volume={PAMI-6},  
    number={6},  
    pages={721-741},  
    doi={10.1109/TPAMI.1984.4767596}}
    
@article{Metropolis1953,
    author={Metropolis, N. and Rosenbluth, A. W. and Rosenbluth, M. N. and Teller, A. H. and Teller, E.},  
    journal={Journal of Chemical Physics},   
    title={Equation of state calculations by fast computing machines}, 
    year={1953},  
    volume={21},  
    number={},  
    pages={1087–1092},  
    doi={ https://doi.org/10.1063/1.1699114}}
    
@article{Tanner1987,
  author =  "Tanner, M. A. and Wong, W. H.",
  title =   "The calculation of posterior distributions by data augmentation (with discussion)",
  journal =  "Journal of the American Statistical Association",
  volume =   "82",
  number =   "",
  pages =    "528–550",
  year =     "1987",
  doi =      "https://www.jstor.org/stable/2289457"
}  

@article{Geyer1992,
  author =  "Geyer, Charles J.",
  title =   "Practical Markov Chain Monte Carlo",
  journal =  "Statist. Sci.",
  volume =   "7",
  number =   "4",
  pages =    "473 - 483",
  year =     "1992",
  doi =      "https://doi.org/10.1214/ss/1177011137"
}  

@article{Gelfand1990,
  author =  "Gelfand, Alan E. and Smith, Adrian F. M.",
  title =   "Sampling-Based Approaches to Calculating Marginal Densities",
  journal =  "Journal of the American Statistical Association",
  volume =   "85",
  number =   "410",
  pages =    "398–409",
  year =     "1990",
  doi =      "https://doi.org/10.2307/2289776"
}  


@article{Tierney1994,
  author =  "Tierney, Luke",
  title =   "Markov Chains for Exploring Posterior Distributions",
  journal =  "Ann. Statist",
  volume =   "22",
  number =   "4",
  pages =    "1701 - 1728",
  year =     "1994",
  doi =      "https://doi.org/10.1214/aos/1176325750"
}  


@book{Handbook2011,
  added-at = {2015-03-24T17:28:34.000+0100},
  author = {Brooks, Steve and Gelman, Andrew and Jones, Galin and Meng, Xiao-Li},
  biburl = {https://www.bibsonomy.org/bibtex/22b8d02bec832fa945b62ecf7808614bf/becker},
  interhash = {0b127e40d41a970274484b65a7e0744f},
  intrahash = {2b8d02bec832fa945b62ecf7808614bf},
  keywords = {carlo chain diss handbook inthesis markov mcmc monte},
  publisher = {CRC press},
  timestamp = {2017-08-04T09:03:42.000+0200},
  title = {Handbook of Markov Chain Monte Carlo},
  year = 2011
}


@article{Hastings1970,
  author =  "Hastings, W. K.",
  title =   "Monte Carlo Sampling Methods Using Markov Chains and Their Applications",
  journal =  "Biometrika",
  volume =   "57",
  number =   "1",
  pages =    "97–109",
  year =     "1970",
  doi =      "https://doi.org/10.2307/2334940"
}  

@article{Hocking1976,
  author =  "Hocking, R. R.",
  title =   "A Biometrics Invited Paper. The Analysis and Selection of Variables in Linear Regression.",
  journal =  "Biometrics",
  volume =   "32",
  number =   "1",
  pages =    "1–49",
  year =     "1976",
  doi =      "https://doi.org/10.2307/2529336"
}  

@article{Bayarri2004,
  author =  "Bayarri, M. J. and Berger, J. O.",
  title =   "The Interplay of Bayesian and
Frequentist Analysis",
  journal =  "Statistical Science",
  volume =   "19",
  number =   "1",
  pages =    "58–80",
  year =     "2004",
  doi =      "10.1214/088342304000000116"
}  

@manual{shiny2013,
title={Easy web applications in R.},
author={{RStudio, Inc}},
year={2013},
note={URL: \url{http://www.rstudio.com/shiny/}}
}


@article{Rizopoulos2016,
  author =  "Rizopoulos,D",
  title =   "The R Package JMbayes for Fitting Joint Models for Longitudinal and Time-to-Event Data Using MCMC. Journal of Statistical Software",
  journal =  "Journal of Statistical Software",
  volume =   "72",
  number =   "7",
  pages =    "1-46",
  year =     "2016",
  doi =      "https://doi.org/10.18637/jss.v072.i07"
}  

@article{Rondeau2012,
    title = {{frailtypack}: An {{R}} Package for the Analysis of
      Correlated Survival Data with Frailty Models Using Penalized
      Likelihood Estimation or Parametrical Estimation},
    author = {Rondeau,Virginie and Mazroui, Yassin and Gonzalez,Juan R.},
    journal = {Journal of Statistical Software},
    year = {2012},
    volume = {47},
    number = {4},
    pages = {1-28},
    url = {https://www.jstatsoft.org/v47/i04/},
}

@Manual{Philipson2018,
    title = {{joineR}: Joint Modelling of Repeated Measurements and
      Time-to-Event Data},
    author = {Philipson,Pete and Sousa, Ines and Diggle, Peter J. and
       Williamson, Paula and Kolamunnage-Dona, Ruwanthi and Henderson, Robin
       and Hickey, Graeme L.},
    year = {2018},
    note = {R package version 1.2.6},
    url = {https://github.com/graemeleehickey/joineR/},
  }
  
@article{Hickey2018a,
    doi = {10.1186/s12874-018-0502-1},
    url = {https://doi.org/10.1186\%2Fs12874-018-0502-1},
    year = {2018},
    volume = {18},
    number = {1},
    author = {Hickey, Graeme L. and Philipson, Pete and Jorgensen, Andrea},
    title = {joineRML: a joint model and software package for time-to-event and multivariate longitudinal outcomes},
    journal = {BMC Medical Research Methodology}
  }
  
@Manual{Proust-Lima2022,
    title = {lcmm: Extended Mixed Models Using Latent Classes and Latent Processes},
    author = {Proust-Lima,Cecile and Philipps, Viviane and Diakite, Amadou and Liquet, Benoit},
    year = {2022},
    note = {R package version: 1.9.5},
    url = {https://cran.r-project.org/package=lcmm}
  }

%%%%%%%%%%%%%%%%%%%%%%%%%%%%%%%%%%%%%%%%%%%%%%%%%%%%%%%%%%%%%%%%%%%%%%%%%%%%%%

@article{Kerem1992,
    author =  "Kerem, E and Reisman, J and Corey, M and Canny, GJ and Levison, H.",
    title =   "Prediction of mortality in patients with cystic fibrosis",
    journal =  "N Engl J Med.",
    volume =   "326",
    number =   "18",
    pages =    "1187-1191",
    year =     "1992",
    doi =      "10.1056/NEJM199204303261804"
}



@article{Wang2000,
    author =  "Wang, CY and Wang, N and Wang, S",
    title =   "Regression analysis when covariates are regression parameters of a random effects model for observed longitudinal measurements",
    journal =  "Biometrics",
    volume =   "56",
    number =   "2",
    pages =    "487--95",
    year =     "2000",
    doi =      "10.1111/j.0006-341x.2000.00487.x"
}

@article{Horrocks2009,
  author =  "Horrocks, Julie and van Den Heuvel, Marianne J",
  title =   "Prediction of pregnancy: a joint model for longitudinal and binary data",
  journal = "Bayesian Anal",
  volume =  "4",
  number =  "3",
  pages =   "523-538",
  year =    "2009",
  doi =     "https://doi.org/10.1214/09-BA419"
}

@article{Knapp2016,
  author =  "Knapp, EA and Fink, AK and Goss, CH and Sewall, A and Ostrenga, J and Dowd, C and Elbert, A and Petren, KM and Marshall BC",
  title =   "The Cystic Fibrosis Foundation Patient Registry. Design and Methods of a National Observational Disease Registry",
  journal = "Ann Am Thorac Soc.",
  volume =  "13",
  number =  "7",
  pages =   "1173-9",
  year =    "2016",
  doi =     "10.1513/AnnalsATS.201511-781OC"
}



@article{Li2015,
  author =  "Li, Dan and Wang, Xia and Song, Seongho and Zhang, Nanhua and Dey, Dipak K.",
  title =  "Flexible link functions in a joint model of binary and longitudinal data",
  journal =  "Stat",
  volume =   "4",
  number =   "1",
  pages =    "320-330",
  year =     "2015",
  doi =      "http://dx.doi.org/10.1002/sta4.98"
}







@article{Long2018,
  author =   "Long, J.D. and  Mills, J.A.",
  title =    "Joint modeling of multivariate longitudinal data and survival data in several observational studies of Huntington’s disease",
  journal =  "BMC Med Res Methodol",
  volume =   "18",
  number =   "138",
  pages =    "",
  year =     "2018",
  doi =      "https://doi.org/10.1186/s12874-018-0592-9"
}




@article{Jiang2013,
  author = "Jiang, Xun and Dey, Dipak K. and Prunier, Rachel and Wilson, Adam M. and Holsinger, Kent E",
  title =   "A new class of flexible link functions with application to species co-occurrence in cape                floristic region",
  journal = " Ann. Appl. Stat.",
  volume =  "7",
  number =  "4",
  pages =   "2180-2204",
  year =    "2013",
  doi =  "https://doi.org/10.1214/13-AOAS663"
}

@article{Gelman2006,
  author =  "Gelman, Andrew",
  title =   "Prior distributions for variance parameters in hierarchical models (comment on article by Browne and Draper)",
  journal =  "Bayesian Anal.",
  volume =   "1",
  number =   "3",
  pages =    "515-534",
  year =     "2006",
  doi =      "https://doi.org/10.1214/06-BA117A"
}


@Misc{Fareway2016,
  title =  {STAN analysis of a multilevel model},
  author = {Fareway, Julian},
  note = {},
  year = {2016},
  url  = {https://people.bath.ac.uk/jjf23/stan/}
}


@article{Spiegelhalter2002,
  author =  "Spiegelhalter, D. J. and Best, N. G. and Carlin, B. P. and van der Linde, A.",
  title =   "Bayesian measures of model complexity and fit",
  journal =  "J. Roy. Stat. Soc. B",
  volume =   "64",
  number =   "4",
  pages =    "583-639",
  year =     "2002",
  doi =      "https://doi.org/10.1111/1467-9868.00353"
}


@article{Watanabe2010,
  author =  "Watanabe, Sumio",
  title =   "Asymptotic equivalence of Bayes cross validation and widely applicable information criterion in singular learning theory",
  journal =  "Journal of Machine Learning Research",
  volume =   "11",
  number =   "",
  pages =    "3571-3594",
  year =     "2010",
  doi =      ""
}


@article{Gelman2014,
  author =  "Gelman, A and Hwang, J and Vehtari, A",
  title =   "Understanding predictive information criteria for Bayesian models",
  journal =  "Stat Comput",
  volume =   "24",
  number =   "",
  pages =    "997-1016",
  year =     "2014",
  doi =      "https://doi.org/10.1007/s11222-013-9416-2"
}

@inbook{Gelman2013b,
  author={Gelman, A. and Carlin, J. B. and Stern, H. S. and Dunson, D. B. and Vehtari, A. and Rubin, D. B.},
  year= 2013, 
  note={third edition}, 
  title= {Bayesian Data Analysis}, 
  chapter={11.4 Inference and Assessing Convergence},
  pages={285},
  publisher= {Chapman \& Hall/CRC Press},
  address= {London}
}

@inbook{Gelman2013c,
  author={Gelman, A. and Carlin, J. B. and Stern, H. S. and Dunson, D. B. and Vehtari, A. and Rubin, D. B.},
  year= 2013, 
  note={third edition}, 
  title= {Bayesian Data Analysis}, 
  chapter={12 Computationally efficient Markov chain simulation},
  pages={293},
  publisher= {Chapman \& Hall/CRC Press},
  address= {London}
}

@inbook{Upadhyay2015,
  author={Jiang, Xun and Dey, K.Dipak},
  year= 2015, 
  chapter={16: Symmetric Power Link with Ordinal Response Model}, 
  title= {Current Trends in Bayesian Methodology with Applications}, 
  publisher= {Chapman and Hall/CRC},
  address= {New York}
}

%editor = {Upadhyay, Satyanshu K. and Singh, U. and Dey, D.K. and Loganathan, A. }, 






@article{Dupuy2002,
  author =  "Dupuy, J-F and Mesbah, M.",
  title =   "Joint modeling of event time and nonignorable missing longitudinal data",
  journal =  "Lifetime Data Anal.",
  volume =   "8",
  number =   "",
  pages =    "99-115",
  year =     "2002",
  doi =      ""
}


@article{Wang2010,
  author =  "Wang, X and Dey, DK",
  title =   "Generalized extreme value regression for binary response data: an application to B2B
electronic payments system adoption",
  journal =  "The Annals of Applied Statistics,",
  volume =   "4",
  number =   "",
  pages =    "2000-2023",
  year =     "2010",
  doi =      ""
}

@article{Zhang2014,
  author =  "Zhang, N and Chen, H and Zou, Y",
  title =   "A joint model of binary and longitudinal data with non-ignorable missingness,
with application to marital stress and late-life major depression in women",
  journal =  "The Annals of Applied Statistics,",
  volume =   "41",
  number =   "",
  pages =    "1028-1039",
  year =     "2014",
  doi =      ""
}

@article{Akaike1973,
  author =  "Akaike, H",
  title =   "Information theory and the maximum likelihood principle in 2nd International Symposium on Information Theory(BN Petrov and F. Cs ä ki, eds.)",
  journal =  "",
  volume =   "",
  number =   "",
  pages =    "",
  year =     "1973",
  doi =      ""
}

@article{Van2014,
  author =  "Van der Paal, B",
  title =   "A Comparison of Different Methods for Modelling Rare Events Data",
  journal =  "Ghent University",
  volume =   "Ghent",
  number =   "Belgium",
  pages =    "",
  year =     "2014",
  doi =      ""
}


@inbook{McCullagh1989,
  author={McCullagh, P. and Nelder, J.A.},
  year= 1989, 
  chapter={}, 
  editor = {}, 
  title= {Generalized Linear Models, 2nd ed.}, 
  publisher= {Chapman and Hall/CRC},
  address= {Boca Raton, FL.}
}



@article{Su2020,
  author =  "Su, Weiji and Wang, Xia and Szczesniak, Rhona D.",
  title =   "Flexible link functions in a joint hierarchical Gaussian process model",
  journal =  "Biometrics",
  volume =   "",
  number =   "",
  pages =    "1-11",
  year =     "2020",
  doi =      "https://doi.org/10.1111/biom.13291"
}


@article{Dandis2020,
  author =   "Dandis, R and Teerenstra, S and Massuger, L and Sweep, F and Eysbouts, Y and IntHout, J",
  title =    "A tutorial on dynamic risk prediction of a binary outcome based on a longitudinal biomarker",
  journal =  "Biometrical",
  volume =   "62",
  number =   "",
  pages =    "398–413",
  year =     "2020",
  doi =      "https://doi.org/10.1002/bimj.201900044"
}

@inbook{Anderson1984,
  author={Anderson, T.W.},
  year= 1984, 
  ?_chapter={},
  ?_pages={},
  title= {An Introduction to Multivariate Statistical Analysis},
  note={2nd edition},
  publisher= {John Wiley \& Sons.},
  address= {New York}
}


@article{Duan2018,
  author =  "Duan, Leo L. and Wang, Xia and Clancy, John P. and Szczesniak, Rhonda D.",
  title =   "Joint hierarchical Gaussian process model with application to personalized prediction in medical monitoring",
  journal =  "Stat",
  volume =   "7",
  number =   "",
  pages =    "e178",
  year =     "2018",
  doi =      ""
}


@article{Taylor2013,
  author =  "Taylor, JM and Park, Y and Ankerst, DP and Proust-Lima, C and Williams, S and Kestin, L and Bae, K and Pickles, T and Sandler, H",
  title =   "Real-time individual predictions of prostate cancer recurrence using joint models",
  journal =  "Biometrics",
  volume =   "69",
  number =   "1",
  pages =    "206-213",
  year =     "2013",
  doi =      "10.1111/j.1541-0420.2012.01823.x"
}



@article{Szczesniak2019,
  author =  "Szczesniak, R.D. and Brokamp,C. and Su, W. and Mcphail, G.L. and Pestian, J.P. and Clancy, J.P.",
  title =   "Improving detection of rapid cystic fibrosis disease progression-early translation of a predictive algorithm into a point-of-care tool",
  journal =  "IEEE Journal of Translational Engineering in Health and Medicine",
  volume =   "7",
  number =   "",
  pages =    "1-8",
  year =     "2019",
  doi =      ""
}


@article{Szczesniak2017,
  author =  "Szczesniak, R.D. and Li, D. and Su, W. and Brokamp, C. and  Pestian, J.P. and Seid, M. and Clancy, J.P.",
  title =   "Phenotypes of rapid cystic fibrosis lung disease progression during adolescence and young adulthood",
  journal =  "American Journal of Respiratory \& Critical Care Medicine",
  volume =   "196",
  number =   "",
  pages =    "471-478",
  year =     "2017",
  doi =      ""
}


@article{Szczesniak2020,
  author =  "Szczesniak, R.D. and Su, W. and Brokamp, C. and Ruth, H.K. and Pestian, J.P. and Seid, M. and Diggle, P.J. and Clancy, J.P.",
  title =   "Dynamic predictive probabilities to monitor
rapid cystic fibrosis disease progression",
  journal =  "Statistics in Medicine",
  volume =   "39",
  number =   "",
  pages =    "740-756",
  year =     "2020",
  doi =      "https://doi.org/10.1002/sim.8443"
}



@article{Lunn2000,
  author =  "Lunn, D.J. and Thomas, A. and Best, N. and Spiegelhalter, D",
  title =   "WinBUGS — a Bayesian modelling framework: concepts, structure, and extensibility",
  journal = "Statistics and Computing",
  volume =  "10",
  number =  "",
  pages =   "325-337",
  year =    "2000",
  doi =     ""
}


@Manual{JMbayes2,
    title = {JMbayes2: Extended Joint Models for Longitudinal and Time-to-Event Data},
    author = {Rizopoulos, Dimitris and Papageorgiou, Grigorios and Afonso, Pedro Miranda},
    year = {2021},
    note = {R package version 0.1-3},
    url = {https://CRAN.R-project.org/package=JMbayes2},
}


@inbook{Kruschke2014,
  author={Kruschke,J.K.},
  year= 2014, 
  title= {Doing Bayesian Data Analysis: A tutorial with R, JAGS, and Stan, 2nd edition}, 
  publisher= {Academic Press, Inc.},
  address= {6277 Sea Harbor Drive, FL, USA}, 
}




@article{Thomadakis2019,
  author =  "Thomadakis, C and Meligkotsidou, L and Pantazis, N and Touloumi, G",
  title =  "Longitudinal and time-to-drop-out joint models can lead to seriously biased estimates when the drop-out mechanism is at random",
  journal = "Biometrics",
  volume =  "75",
  number =  "",
  pages =   "58-68",
  year =    "2019",
  doi =     "0.1111/biom.12986"
}


@article{TaylorRobinson2012,
  author =  "Taylor-Robinson, D and Whitehead, M and Diderichsen, F and Olesen, H.V and Pressler, T and Smyth, R.L and Diggle, P.J",
  title =   "Understanding the natural progression in \%FEV decline in patients with cystic fibrosis: a longitudinal study",
  journal =  "Thorax",
  volume =   "67",
  number =   "",
  pages =    "860-866",
  year =     "2012",
  doi =      ""
}


@article{Elrozy2020,
  author =  "Andrinopoulou, E.R. and Clancy, J.P. and Szczesniak, R.D",
  title =   "Multivariate joint modeling to identify markers of growth and lung function decline that predict cystic fibrosis pulmonary exacerbation onset",
  journal =  "BMC Pulm Med",
  volume =   "20",
  number =   "142",
  pages =    "",
  year =     "2020",
  doi =      "https://doi.org/10.1186/s12890-020-1177-z"
}



@article{Sanders2010,
  author =  "Sanders, Don B. and Bittner, Rachel C. L. and Rosenfeld, Margaret and Hoffman, Lucas R. and Redding, Gregory J. and Goss, Christopher H.",
  title =   "Failure to Recover to Baseline Pulmonary Function after Cystic Fibrosis Pulmonary Exacerbation",
  journal =  "American Journal of Respiratory Critical Care Medicine",
  volume =   "182",
  number =   "5",
  pages =    "627-632",
  year =     "2010",
  doi =      "10.1164/rccm.200909-1421OC"
}




@Book{MASS2002,
    title = {Modern Applied Statistics with S},
    author = {W. N. Venables and B. D. Ripley},
    publisher = {Springer},
    edition = {Fourth},
    address = {New York},
    year = {2002},
    note = {ISBN 0-387-95457-0},
    url = {http://www.stats.ox.ac.uk/pub/MASS4},
  }
  
@Manual{buildmer2021,
    title = {buildmer: Stepwise Elimination and Term Reordering for Mixed-Effects
Regression},
    author = {Cesko C. Voeten},
    year = {2021},
    note = {R package version 1.8},
    url = {https://CRAN.R-project.org/package=buildmer},
  }
  
  

@article{Szczesniak2014,
  author =  "Szczesniak, Rhonda D. and McPhail, Gary L. and Duan, Leo L. and Macaluso, Maurizio and Amin, Raouf S. and Clancy, John P.",
  title =   "A semiparametric approach to estimate rapid lung function decline in cystic fibrosis",
  journal =  "Annals of Epidemiology", 
  volume =   "23",
  number =   "12",
  pages =    "771-777",
  year =     "2013",
  doi =      "https://doi.org/10.1016/j.annepidem.2013.08.009."
}


@article{Harhay2020,
  author =  "Harhay, M. O. and Au, D. H. and Dell, S. D. and Gould, M. K. and Redline, S. and Ryerson, C. J. and Cooke, C. R",
  title =   "Methodologic Guidance and Expectations for the Development and Reporting of Prediction Models and Causal Inference Studies",
  journal =  "Annals of the American Thoracic Society", 
  volume =   "17",
  number =   "6",
  pages =    "679-682",
  year =     "2020",
  doi =      "https://doi.org/10.1513/AnnalsATS.202002-141ED"
}

@article{Riley2020,
  author =  "Riley, R. D. and Ensor, J. and Snell, K. I. E. and Harrell, F. E. and Martin, G. P. and Reitsma, J. B. and Moons, K. G. M. and Collins, G. and  van Smeden, M.",
  title =   "Calculating the sample size required for developing a clinical prediction model",
  journal =  "BMJ", 
  volume =   "",
  number =   "",
  pages =    "368",
  year =     "2020",
  doi =      "https://doi.org/10.1136/bmj.m441"
}

@inbook{Neal2011,
  author={Neal, Radford},
  year= 2011, 
  chapter={},
  title= {MCMC Using Hamiltonian Dynamics}, 
  publisher= {Chapman Hall/CRC},
  address ={},
  pages= {116-62}
}


 %editor={Brooks, Steve and Gelman, Andrew and Jones, Galin L. and Meng, Xiao-Li},